<record><leader>00000cas a2200000 i 4500</leader><controlfield tag="001">990784684</controlfield><controlfield tag="006">m     o  d        </controlfield><controlfield tag="007">cr |||||||||||</controlfield><controlfield tag="008">170622c19099999ncudn neo     0    0eng c</controlfield><datafield ind1=" " ind2=" " tag="010"><subfield code="a">  2017236912</subfield></datafield><datafield ind1=" " ind2=" " tag="040"><subfield code="a">NOC</subfield><subfield code="b">eng</subfield><subfield code="e">rda</subfield><subfield code="e">pn</subfield><subfield code="c">NOC</subfield><subfield code="d">OCLCF</subfield><subfield code="d">OCLCA</subfield></datafield><datafield ind1=" " ind2=" " tag="042"><subfield code="a">pcc</subfield></datafield><datafield ind1=" " ind2=" " tag="043"><subfield code="a">n-us-nc</subfield></datafield><datafield ind1="0" ind2=" " tag="130"><subfield code="a">Washington daily news (Washington, N.C.)</subfield></datafield><datafield ind1="1" ind2="0" tag="245"><subfield code="a">Washington daily news.</subfield></datafield><datafield ind1=" " ind2="1" tag="264"><subfield code="a">Washington, N.C. :</subfield><subfield code="b">J.L. Mayo</subfield></datafield><datafield ind1=" " ind2=" " tag="300"><subfield code="a">1 online resource :</subfield><subfield code="b">illustrations</subfield></datafield><datafield ind1=" " ind2=" " tag="310"><subfield code="a">Daily (except Sunday)</subfield></datafield><datafield ind1=" " ind2=" " tag="336"><subfield code="a">text</subfield><subfield code="b">txt</subfield><subfield code="2">rdacontent</subfield></datafield><datafield ind1=" " ind2=" " tag="337"><subfield code="a">computer</subfield><subfield code="b">c</subfield><subfield code="2">rdamedia</subfield></datafield><datafield ind1=" " ind2=" " tag="338"><subfield code="a">online resource</subfield><subfield code="b">cr</subfield><subfield code="2">rdacarrier</subfield></datafield><datafield ind1="1" ind2=" " tag="362"><subfield code="a">Began in 1909.</subfield></datafield><datafield ind1=" " ind2=" " tag="588"><subfield code="a">Description based on: Volume I, no. 25 (September 1, 1909); title from caption.</subfield></datafield><datafield ind1=" " ind2=" " tag="588"><subfield code="a">Latest issue consulted: Dec. 30, 1916.</subfield></datafield><datafield ind1=" " ind2="0" tag="651"><subfield code="a">Washington (N.C.)</subfield><subfield code="v">Newspapers.</subfield></datafield><datafield ind1=" " ind2="0" tag="651"><subfield code="a">Beaufort County (N.C.)</subfield><subfield code="v">Newspapers.</subfield></datafield><datafield ind1=" " ind2="0" tag="651"><subfield code="a">North Carolina</subfield><subfield code="v">Newspapers.</subfield></datafield><datafield ind1=" " ind2="7" tag="651"><subfield code="a">North Carolina.</subfield><subfield code="2">fast</subfield><subfield code="0">(OCoLC)fst01204304</subfield></datafield><datafield ind1=" " ind2="7" tag="651"><subfield code="a">North Carolina</subfield><subfield code="z">Beaufort County.</subfield><subfield code="2">fast</subfield><subfield code="0">(OCoLC)fst01218244</subfield></datafield><datafield ind1=" " ind2="7" tag="651"><subfield code="a">North Carolina</subfield><subfield code="z">Washington.</subfield><subfield code="2">fast</subfield><subfield code="0">(OCoLC)fst01220366</subfield></datafield><datafield ind1=" " ind2="7" tag="655"><subfield code="a">Newspapers.</subfield><subfield code="2">fast</subfield><subfield code="0">(OCoLC)fst01423814</subfield></datafield><datafield ind1=" " ind2=" " tag="752"><subfield code="a">United States</subfield><subfield code="b">North Carolina</subfield><subfield code="c">Beaufort</subfield><subfield code="d">Washington.</subfield></datafield><datafield ind1="0" ind2="8" tag="776"><subfield code="i">Print version:</subfield><subfield code="t">Washington daily news (Washington, N.C.)</subfield><subfield code="x">1057-7068</subfield><subfield code="w">(DLC)sn 91000452</subfield><subfield code="w">(OCoLC)13291895</subfield></datafield><datafield ind1="4" ind2="0" tag="856"><subfield code="u">http://www.digitalnc.org/newspapers/washington-daily-news-washington-n-c/</subfield></datafield><datafield ind1="4" ind2="2" tag="856"><subfield code="3">Current content</subfield><subfield code="u">http://www.thewashingtondailynews.com/</subfield></datafield></record>